<?xml version="1.0" encoding="UTF-8"?>
<record xmlns="http://www.loc.gov/MARC21/slim">
   <leader>01333cam a22002775a 4500</leader>
   <controlfield tag="001">1376115</controlfield>
   <controlfield tag="003">NjP</controlfield>
   <controlfield tag="005">20171107100125.0</controlfield>
   <controlfield tag="008">950309s1910    le            000 0 ara d</controlfield>
   <datafield tag="024" ind1="7" ind2=" ">
      <subfield code="a">princeton_aco004121</subfield>
      <subfield code="2">local</subfield>
   </datafield>
   <datafield ind1=" " ind2=" " tag="035">
      <subfield code="a">(OCoLC)ocm32117741</subfield>
   </datafield>
   <datafield ind1=" " ind2=" " tag="035">
      <subfield code="9">CEB9940TS</subfield>
   </datafield>
   <datafield ind1=" " ind2=" " tag="040">
      <subfield code="a">CUY</subfield>
      <subfield code="c">CUY</subfield>
      <subfield code="d">PUL</subfield>
   </datafield>
   <datafield ind1=" " ind2=" " tag="043">
      <subfield code="a">f-ua---</subfield>
   </datafield>
   <datafield ind1="0" ind2="4" tag="245">
      <subfield code="a">al-ʻUrwah al-wuthqá,</subfield>
      <subfield code="b">lā infiṣāma lahā,</subfield>
      <subfield code="c">li-mudīr siyāsatihā Jamāl al-Dīn al-Afghānī wa-muḥarririhā al-awwal Muḥammad ʻAbduh.</subfield>
   </datafield>
   <datafield ind1=" " ind2=" " tag="260">
      <subfield code="a">Bayrūt,</subfield>
      <subfield code="b">Maṭbaʻat al-Tawfīq,</subfield>
      <subfield code="c">1328 [1910]</subfield>
   </datafield>
   <datafield ind1=" " ind2=" " tag="300">
      <subfield code="a">232, 227 p.</subfield>
   </datafield>
   <datafield ind1=" " ind2=" " tag="500">
      <subfield code="a">Published originally in Paris in 18 weekly issues, from March 13 to Oct. 17, 1884.</subfield>
   </datafield>
   <datafield ind1=" " ind2=" " tag="500">
      <subfield code="a">Organ of Jamʻīyat al-ʻUrwah al-Wuthqá.</subfield>
   </datafield>
   <datafield ind1=" " ind2=" " tag="500">
      <subfield code="a">Editor-in-chief: Muḥammad ʻAbduh. Political director: Jamāl al-Dīn al-Afghānī.</subfield>
   </datafield>
   <datafield ind1=" " ind2="0" tag="651">
      <subfield code="a">Egypt</subfield>
      <subfield code="x">Politics and government</subfield>
      <subfield code="y">1882-1952.</subfield>
      <subfield code="0">http://id.loc.gov/authorities/subjects/sh85041322</subfield>
   </datafield>
   <datafield ind1=" " ind2="0" tag="650">
      <subfield code="a">Islam</subfield>
      <subfield code="x">History.</subfield>
      <subfield code="0">http://id.loc.gov/authorities/subjects/sh87000556</subfield>
   </datafield>
   <datafield ind1="1" ind2=" " tag="700">
      <subfield code="a">Afghānī, Jamāl al-Dīn,</subfield>
      <subfield code="d">1838-1897.</subfield>
      <subfield code="0">http://id.loc.gov/authorities/names/n80009822</subfield>
   </datafield>
   <datafield ind1="0" ind2=" " tag="700">
      <subfield code="a">Muḥammad ʻAbduh,</subfield>
      <subfield code="d">1849-1905.</subfield>
      <subfield code="0">http://id.loc.gov/authorities/names/n50012949</subfield>
   </datafield>
   <datafield ind1="2" ind2=" " tag="710">
      <subfield code="a">Jamʻīyat al-ʻUrwah al-Wuthqá.</subfield>
   </datafield>
   <datafield ind1="4" ind2=" " tag="856">
      <subfield code="u">http://hdl.handle.net/2027/njp.32101077795084</subfield>
   </datafield>
   <datafield ind1=" " ind2=" " tag="947">
      <subfield code="a">CEB9940</subfield>
   </datafield>
   <datafield ind1=" " ind2=" " tag="911">
      <subfield code="a">20000220</subfield>
   </datafield>
   <datafield ind1="8" ind2="0" tag="852">
      <subfield code="0">1579943</subfield>
      <subfield code="b">rcppa</subfield>
      <subfield code="t">0</subfield>
      <subfield code="h">2251.924</subfield>
      <subfield code="x">tr fr f</subfield>
   </datafield>
   <datafield ind1="8" ind2=" " tag="852">
      <subfield code="0">8693143</subfield>
      <subfield code="b">elf1</subfield>
      <subfield code="h">Electronic Resource</subfield>
   </datafield>
   <datafield ind1=" " ind2=" " tag="959">
      <subfield code="a">2000-06-08 00:00:00 -0400</subfield>
   </datafield>
</record>
